<?xml version="1.0" encoding="UTF-8"?>
<record xmlns="http://www.loc.gov/MARC21/slim">
   <leader>02341cam a2200397 a 4500</leader>
   <controlfield tag="001">478822</controlfield>
   <controlfield tag="003">NjP</controlfield>
   <controlfield tag="005">20190705140829.0</controlfield>
   <controlfield tag="008">881115s1985    ir       b    001 0 ara d</controlfield>
   <datafield tag="024" ind1="7" ind2=" ">
      <subfield code="a">princeton_aco003848</subfield>
      <subfield code="2">local</subfield>
   </datafield>
   <datafield ind1=" " ind2=" " tag="035">
      <subfield code="a">(CStRLIN)NJPG88-B57086</subfield>
   </datafield>
   <datafield ind1=" " ind2=" " tag="035">
      <subfield code="9">ACF4512TS</subfield>
   </datafield>
   <datafield ind1=" " ind2=" " tag="035">
      <subfield code="a">(NjP)478822</subfield>
   </datafield>
   <datafield ind1=" " ind2=" " tag="035">
      <subfield code="a">478822</subfield>
   </datafield>
   <datafield ind1=" " ind2=" " tag="040">
      <subfield code="a">NjP</subfield>
      <subfield code="c">PUL</subfield>
      <subfield code="d">PUL</subfield>
   </datafield>
   <datafield ind1=" " ind2=" " tag="049">
      <subfield code="a">PULL</subfield>
   </datafield>
   <datafield ind1=" " ind2=" " tag="035">
      <subfield code="a">(OCoLC)ocm26275716</subfield>
   </datafield>
   <datafield ind1="1" ind2=" " tag="100">
      <subfield code="6">880-01</subfield>
      <subfield code="a">Baḥrānī, Yūsuf,</subfield>
      <subfield code="d">-1772?</subfield>
      <subfield code="0">http://id.loc.gov/authorities/names/n88674539</subfield>
   </datafield>
   <datafield ind1="1" ind2="0" tag="245">
      <subfield code="6">880-02</subfield>
      <subfield code="a">Ajwibat al-masāʼil al-Bahbahānīyah allatī saʼalahā al-Sayyid ʻAbd Allāh al-Bilādī al-Baḥrānī /</subfield>
      <subfield code="c">taṣnīf Yūsuf ibn Aḥmad ibn Ibrāhīm al-ʻUṣfūr al-Baḥrānī ; ḥaqqaqahu wa-ʻallaqa ʻalayhi Abū Aḥmad ibn Aḥmad ibn Khalaf ibn Aḥmad al-ʻUṣfūr al-Baḥrānī.</subfield>
   </datafield>
   <datafield ind1=" " ind2=" " tag="250">
      <subfield code="6">880-03</subfield>
      <subfield code="a">al-Ṭabʻah 1.</subfield>
   </datafield>
   <datafield ind1=" " ind2=" " tag="260">
      <subfield code="6">880-04</subfield>
      <subfield code="a">[Īrān :</subfield>
      <subfield code="b">s.n.],</subfield>
      <subfield code="c">1406 [1985 or 1986]</subfield>
      <subfield code="e">(Qum :</subfield>
      <subfield code="f">al-Maṭbaʻah al-ʻIlmīyah al-Maʻmūrah)</subfield>
   </datafield>
   <datafield ind1=" " ind2=" " tag="300">
      <subfield code="a">117 p. ;</subfield>
      <subfield code="c">25 cm.</subfield>
   </datafield>
   <datafield ind1=" " ind2=" " tag="504">
      <subfield code="a">Includes bibliographical references (p. 102-105) and indexes.</subfield>
   </datafield>
   <datafield ind1=" " ind2="0" tag="650">
      <subfield code="a">Islam</subfield>
      <subfield code="x">Doctrines.</subfield>
      <subfield code="0">http://id.loc.gov/authorities/subjects/sh85068396</subfield>
   </datafield>
   <datafield ind1="1" ind2=" " tag="700">
      <subfield code="6">880-05</subfield>
      <subfield code="a">Āl ʻUṣfūr, Bāqir ibn Aḥmad ibn Khalaf,</subfield>
      <subfield code="d">1885 or 1886-</subfield>
      <subfield code="0">http://id.loc.gov/authorities/names/nr91000607</subfield>
   </datafield>
   <datafield ind1="1" ind2=" " tag="880">
      <subfield code="6">100-01/r</subfield>
      <subfield code="a">بحراني، يوسف،</subfield>
      <subfield code="d">-1772?</subfield>
   </datafield>
   <datafield ind1="1" ind2="0" tag="880">
      <subfield code="6">245-02/r</subfield>
      <subfield code="a">اجوبة المسائل البهبهانية التي سألها السيد عبد الله البلادي البحراني /</subfield>
      <subfield code="c">تصنيف يوسف بن احمد بن ابراهيم العصفور البحراني ؛ حققه وعلق عليه ابو احمد بن احمد بن خلف بن احمد العصفور البحراني.</subfield>
   </datafield>
   <datafield ind1=" " ind2=" " tag="880">
      <subfield code="6">250-03/r</subfield>
      <subfield code="a">الطبعة 1.</subfield>
   </datafield>
   <datafield ind1=" " ind2=" " tag="880">
      <subfield code="6">260-04/r</subfield>
      <subfield code="a">[ايران :</subfield>
      <subfield code="b">s.n.]،</subfield>
      <subfield code="c">1406 [1985 او 1986]</subfield>
      <subfield code="e">(قم :</subfield>
      <subfield code="f">المطبعة العلمية المعموره)</subfield>
   </datafield>
   <datafield ind1="1" ind2=" " tag="880">
      <subfield code="6">700-05/r</subfield>
      <subfield code="a">آل عصفور، باقر بن احمد بن خلف،</subfield>
      <subfield code="d">1885 or 1886-</subfield>
   </datafield>
   <datafield ind1=" " ind2=" " tag="998">
      <subfield code="a">10/03/94</subfield>
      <subfield code="s">9118</subfield>
      <subfield code="n">NjP</subfield>
      <subfield code="w">NJPG88B57086</subfield>
      <subfield code="d">11/15/88</subfield>
      <subfield code="c">JEB</subfield>
      <subfield code="b">KC</subfield>
      <subfield code="i">941003</subfield>
      <subfield code="l">NJPG</subfield>
   </datafield>
   <datafield ind1=" " ind2=" " tag="911">
      <subfield code="a">19941018</subfield>
   </datafield>
   <datafield ind1=" " ind2=" " tag="912">
      <subfield code="a">19941003000000.0</subfield>
   </datafield>
   <datafield ind1=" " ind2=" " tag="994">
      <subfield code="a">C0</subfield>
      <subfield code="b">PUL</subfield>
   </datafield>
   <datafield ind1=" " ind2=" " tag="999">
      <subfield code="a">478822</subfield>
   </datafield>
   <datafield ind1=" " ind2=" " tag="979">
      <subfield code="a">(OCoLC)ocn175564148</subfield>
   </datafield>
   <datafield ind1="0" ind2="0" tag="852">
      <subfield code="0">520315</subfield>
      <subfield code="b">nec</subfield>
      <subfield code="t">1</subfield>
      <subfield code="h">BP166</subfield>
      <subfield code="i">.B3474 1985</subfield>
   </datafield>
   <datafield ind1="0" ind2="0" tag="852">
      <subfield code="0">520316</subfield>
      <subfield code="b">rcppa</subfield>
      <subfield code="t">2</subfield>
      <subfield code="h">BP166</subfield>
      <subfield code="i">.B3474 1985</subfield>
      <subfield code="x">tr fr nec</subfield>
   </datafield>
   <datafield ind1=" " ind2=" " tag="959">
      <subfield code="a">2000-06-13 00:00:00 -0400</subfield>
   </datafield>
</record>
